@misc{seidman2023variational,
      title={Variational Autoencoding Neural Operators}, 
      author={Jacob H. Seidman and Georgios Kissas and George J. Pappas and Paris Perdikaris},
      year={2023},
      eprint={2302.10351},
      archivePrefix={arXiv},
      primaryClass={cs.LG}
}

@misc{li2021fourier,
      title={Fourier Neural Operator for Parametric Partial Differential Equations}, 
      author={Zongyi Li and Nikola Kovachki and Kamyar Azizzadenesheli and Burigede Liu and Kaushik Bhattacharya and Andrew Stuart and Anima Anandkumar},
      year={2021},
      eprint={2010.08895},
      archivePrefix={arXiv},
      primaryClass={cs.LG}
}

@misc{meng2023variational,
      title={Variational inference in neural functional prior using normalizing flows: Application to differential equation and operator learning problems}, 
      author={Xuhui Meng},
      year={2023},
      eprint={2302.10448},
      archivePrefix={arXiv},
      primaryClass={math.NA}
}


@article{Lu_2021,
   title={Learning nonlinear operators via DeepONet based on the universal approximation theorem of operators},
   volume={3},
   ISSN={2522-5839},
   url={http://dx.doi.org/10.1038/s42256-021-00302-5},
   DOI={10.1038/s42256-021-00302-5},
   number={3},
   journal={Nature Machine Intelligence},
   publisher={Springer Science and Business Media LLC},
   author={Lu, Lu and Jin, Pengzhan and Pang, Guofei and Zhang, Zhongqiang and Karniadakis, George Em},
   year={2021},
   month=mar, pages={218â€“229} }


@misc{kingma2022autoencoding,
      title={Auto-Encoding Variational Bayes}, 
      author={Diederik P Kingma and Max Welling},
      year={2022},
      eprint={1312.6114},
      archivePrefix={arXiv},
      primaryClass={stat.ML}
}


@article{fair_paper,
   title={A comprehensive and fair comparison of two neural operators (with practical extensions) based on FAIR data},
   volume={393},
   ISSN={0045-7825},
   url={http://dx.doi.org/10.1016/j.cma.2022.114778},
   DOI={10.1016/j.cma.2022.114778},
   journal={Computer Methods in Applied Mechanics and Engineering},
   publisher={Elsevier BV},
   author={Lu, Lu and Meng, Xuhui and Cai, Shengze and Mao, Zhiping and Goswami, Somdatta and Zhang, Zhongqiang and Karniadakis, George Em},
   year={2022},
   month=apr, pages={114778} }


@software{haiku2020github,
  author = {Tom Hennigan and Trevor Cai and Tamara Norman and Lena Martens and Igor Babuschkin},
  title = {Haiku: Sonnet for JAX},
  url = {http://github.com/deepmind/dm-haiku},
  version = {0.0.10},
  year = {2020},
}


@misc{rahman2022generative,
      title={Generative Adversarial Neural Operators}, 
      author={Md Ashiqur Rahman and Manuel A. Florez and Anima Anandkumar and Zachary E. Ross and Kamyar Azizzadenesheli},
      year={2022},
      eprint={2205.03017},
      archivePrefix={arXiv},
      primaryClass={cs.LG}
}


@article{Lu_2022,
   title={A comprehensive and fair comparison of two neural operators (with practical extensions) based on FAIR data},
   volume={393},
   ISSN={0045-7825},
   url={http://dx.doi.org/10.1016/j.cma.2022.114778},
   DOI={10.1016/j.cma.2022.114778},
   journal={Computer Methods in Applied Mechanics and Engineering},
   publisher={Elsevier BV},
   author={Lu, Lu and Meng, Xuhui and Cai, Shengze and Mao, Zhiping and Goswami, Somdatta and Zhang, Zhongqiang and Karniadakis, George Em},
   year={2022},
   month=apr, pages={114778} }

@software{jax,
  author = {James Bradbury and Roy Frostig and Peter Hawkins and Matthew James Johnson and Chris Leary and Dougal Maclaurin and George Necula and Adam Paszke and Jake Vander{P}las and Skye Wanderman-{M}ilne and Qiao Zhang},
  title = {{JAX}: composable transformations of {P}ython+{N}um{P}y programs},
  url = {http://github.com/google/jax},
  version = {0.3.13},
  year = {2018},
}
